<?xml version="1.0" encoding="UTF-8"?><collection xmlns="http://www.loc.gov/MARC21/slim"><record><leader>00319nam--2200133-i-4500</leader><controlfield tag="001">000010355</controlfield><controlfield tag="002">20161230</controlfield><controlfield tag="005">20161230201028</controlfield><controlfield tag="008">060222s1000------------r-----000-0-eng-d</controlfield><datafield ind1=" " ind2=" " tag="080"><subfield code="a">533.15</subfield></datafield><datafield ind1=" " ind2=" " tag="245"><subfield code="a">Aec gaseous diffusion plant operations</subfield></datafield><datafield ind1=" " ind2=" " tag="260"><subfield code="a">Washington, U.S.A.E.C. , 1968 46p</subfield></datafield><datafield ind1=" " ind2=" " tag="490"><subfield code="a">658</subfield></datafield><datafield ind1=" " ind2=" " tag="852"><subfield code="a">27056</subfield></datafield></record></collection>